@article{Byszewski:2012zz,
      author         = "Byszewski, M. and Wotschack, J.",
      title          = "{Resistive-strips micromegas detectors with
                        two-dimensional readout}",
      journal        = "JINST",
      volume         = "7",
      pages          = "C02060",
      doi            = "10.1088/1748-0221/7/02/C02060",
      year           = "2012",
      SLACcitation   = "%%CITATION = JINST,7,C02060;%%",
}

@article{Chefdeville:2011zz,
      author         = "Chefdeville, M.",
      title          = "{RD51, a world-wide collaboration for the development of
                        micro pattern gaseous detectors}",
      collaboration  = "RD51 Collaboration",
      journal        = "J. Phys. Conf. Ser. ",
      volume         = "309",
      pages          = "012017",
      doi            = "10.1088/1742-6596/309/1/012017",
      year           = "2011",
      SLACcitation   = "%%CITATION = 00462,309,012017;%%",
}

@article{Alexopoulos:2011zz,
      author         = "Alexopoulos, T. and Burnens, J. and de Oliveira, R. and
                        Glonti, G. and Pizzirusso, O. and others",
      title          = "{A spark-resistant bulk-micromegas chamber for high-rate
                        applications}",
      journal        = "Nucl. Instrum. Meth. ",
      volume         = "A640",
      pages          = "110-118",
      doi            = "10.1016/j.nima.2011.03.025",
      year           = "2011",
      SLACcitation   = "%%CITATION = NUIMA,A640,110;%%",
}

@article{Alexopoulos:2010zz,
      author         = "Alexopoulos, T. and Altintas, A.A. and Alviggi, M. and
                        Arik, M. and Cetin, S.A. and others",
      title          = "{Development of large size Micromegas detector for the
                        upgrade of the ATLAS muon system}",
      journal        = "Nucl. Instrum. Meth. ",
      volume         = "A617",
      pages          = "161-165",
      doi            = "10.1016/j.nima.2009.06.113",
      year           = "2010",
      SLACcitation   = "%%CITATION = NUIMA,A617,161;%%",
}

@article{Alexopoulos:2009zza,
      author         = "Alexopoulos, T. and Altintas, A.A. and Alviggi, M. and
                        Arik, M. and Cetin, S.A. and others",
      title          = "{The ATLAS muon Micromegas \&  project: Towards
                        large-size chambers for the s-LHC}",
      journal        = "JINST",
      volume         = "4",
      pages          = "P12015",
      doi            = "10.1088/1748-0221/4/12/P12015",
      year           = "2009",
      SLACcitation   = "%%CITATION = JINST,4,P12015;%%",
}

@article{Wotschack:2013ola,
      author         = "Wotschack, Joerg",
      title          = "{The development of large-area Micromegas detectors for
                        the ATLAS upgrade}",
      journal        = "Mod. Phys. Lett. ",
      volume         = "A28",
      pages          = "1340020",
      doi            = "10.1142/S0217732313400208",
      year           = "2013",
      SLACcitation   = "%%CITATION = MPLAE,A28,1340020;%%",
}

@article{Giomataris:2004aa,
      author         = "Giomataris, I. and De Oliveira, R. and Andriamonje, S.
                        and Aune, S. and Charpak, G. and others",
      title          = "{Micromegas in a bulk}",
      journal        = "Nucl. Instrum. Meth. ",
      volume         = "A560",
      pages          = "405-408",
      doi            = "10.1016/j.nima.2005.12.222",
      year           = "2006",
      eprint         = "physics/0501003",
      archivePrefix  = "arXiv",
      primaryClass   = "physics",
      reportNumber   = "DAPNIA-04-80",
      SLACcitation   = "%%CITATION = PHYSICS/0501003;%%",
}

@article{Giomataris:1995fq,
      author         = "Giomataris, Y. and Rebourgeard, P. and Robert, J.P. and
                        Charpak, Georges",
      title          = "{MICROMEGAS: A High granularity position sensitive
                        gaseous detector for high particle flux environments}",
      journal        = "Nucl. Instrum. Meth. ",
      volume         = "A376",
      pages          = "29-35",
      doi            = "10.1016/0168-9002(96)00175-1",
      year           = "1996",
      reportNumber   = "DAPNIA-SED-95-04, CERN-LHC-96-04-EET",
      SLACcitation   = "%%CITATION = NUIMA,A376,29;%%",
}

@article{Martoiu:2011zja,
      author         = "Martoiu, S. and Muller, H. and Toledo, J.",
      title          = "{Front-end electronics for the Scalable Readout System of
                        RD51}",
      journal        = "IEEE Nucl. Sci. Symp. Conf. Rec.",
      volume         = "2011",
      pages          = "2036-2038",
      doi            = "10.1109/NSSMIC.2011.6154414",
      year           = "2011",
      SLACcitation   = "%%CITATION = 00499,2011,2036;%%",
}
@article{Martoiu:2013aca,
      author         = "Martoiu, S. and Muller, H. and Tarazona, A. and Toledo,
                        J.",
      title          = "{Development of the scalable readout system for
                        micro-pattern gas detectors and other applications}",
      journal        = "JINST",
      volume         = "8",
      pages          = "C03015",
      doi            = "10.1088/1748-0221/8/03/C03015",
      year           = "2013",
      SLACcitation   = "%%CITATION = JINST,8,C03015;%%",
}

@article{APVJones,
      author         = "L.Jones and others",
      title          = "{The APV25 deep sub Micron readout chip for CMS channels detectors}",
      journal        = "Proceedings of 5th workshop on Chips electronics for LHC experiments",
      volume         = "CERN/LHCC/99-09",
      pages          = "162-166",
      doi            = "10.1088/1748-0221/8/03/C03015",
      year           = "1999",
      SLACcitation   = "%%CITATION = JINST,8,C03015;%%",
}

@article{APVCMS,
      author         = "French, M J and Jones, L L and Morrissey, Q R and Neviani, A and Turchetta, R  and others",
      title          = "{Design and results from the APV25, a deep sub-micron CMOS front-end chip for the CMS tracker}",
      journal        = "Nucl. Instrum. Meth. ",
      volume         = "A466",
      pages          = "359-365",
      doi            = "10.1016/S0168-9002(01)00589-7",
      year           = "2001",
      SLACcitation   = "%%CITATION = JINST,8,C03015;%%",
}

@article{Dris:2014qpa,
      author         = "Dris, Manolis and Alexopoulos, Theo",
      title          = "{Signal Formation in Various Detectors }",
      year           = "2014",
      eprint         = "1406.3217",
      archivePrefix  = "arXiv",
      primaryClass   = "hep-ex",
      SLACcitation   = "%%CITATION = ARXIV:1406.3217;%%",
}
